@article{fenn2006managing,
  title={Managing citations and your bibliography with bibtex},
  author={Fenn, Jurgen},
  journal={The PracTEX Journal,(4)},
  year={2006}
}

@misc{daly2010natbib,
  title={The natbib package},
  author={Daly, Patrick W and Ogawa, A},
  year={2010}
}

@book{lamport1985i1,
  title={I1 ($\backslash$ LaTeX)---A Document},
  author={Lamport, Leslie},
  volume={410},
  year={1985},
  publisher={pub-AW}
}

@book{lahire1997sucesso,
  title={Sucesso escolar nos meios populares. As raz{\~o}es do improv{\'a}vel},
  author={Lahire, Bernard},
  year={1997},
  publisher={Editora {\'E}tica}
}

@book{bibtexarticle,
  title={L'{\'e}cole de Chicago. Naissance de l'{\'e}cologie urbaine},
  author={Grafmeyer, Yves and Joseph, Isaac},
  year={1984},
  publisher={Aubier}
}


