%% This BibTeX bibliography file was created using BibDesk.
%% http://bibdesk.sourceforge.net/


%% Created for Ken Arroyo Ohori at 2016-11-14 19:47:47 -0600 


%% Saved with string encoding Unicode (UTF-8) 


@comment{jabref-meta: databaseType:bibtex;}



@techreport{smith1987rep,
	Author = {Smith, J.},
	Institution = {Report KRL-01234, Kennedy Research Laboratories, Arlington, VA, USA.},
	Title = {{Economic printing of color orthophotos}},
	Year = {1987}}

@article{smith1987art,
	Author = {Smith, J.},
	Journal = {Photogrammetria},
	Pages = {47--56},
	Title = {Close range photogrammetry for analyzing distressed trees},
	Volume = {42(1)},
	Year = {1987}}

@inbook{smith1989,
	Address = {Amsterdam},
	Author = {Smith, J.},
	Pages = {321--332},
	Publisher = {Elsevier},
	Title = {Space Data from Earth Sciences},
	Year = {1989}}

@misc{moons1997,
	Author = {Moons, T.},
	Date-Modified = {2016-11-15 01:46:21 +0000},
	Howpublished = {http://www.radig.informatik.tu-muenchen.de/ISPRS/WG-III4-IV2-Report.html (28 Sep. 1999)},
	Month = {sep},
	Title = {{Report on the Joint \mbox{ISPRS} Commission \mbox{III/IV} Workshop ``3D Reconstruction and Modelling of Topographic Objects'', Stuttgart, Germany}},
	Url = {http://www.radig.informatik.tumuenchen.de/ISPRS/WG-III4-IV2-Report.html},
	Year = {1997},
	Bdsk-Url-1 = {http://www.radig.informatik.tumuenchen.de/ISPRS/WG-III4-IV2-Report.html}}

@inproceedings{smith2000,
	Author = {Smith, J.},
	Booktitle = {{The International Archives of the Photogrammetry, Remote Sensing and Spatial Information Sciences}},
	Date-Modified = {2016-11-15 01:47:47 +0000},
	Pages = {456--469},
	Series = {Kyoto, Japan},
	Title = {Remote sensing to predict volcano outbursts},
	Volume = {XXVII, Part B1},
	Year = {2000}}
